@article{schneider2010wavelet,
    title={Wavelet methods in computational fluid dynamics},
    author={Schneider, Kai and Vasilyev, Oleg V},
    journal={Annual Review of Fluid Mechanics},
    volume={42},
    pages={473--503},
    year={2010},
    publisher={Annual Reviews}
}

@phdthesis{WangJizeng2001,
  title={正交小波统一理论与方法及其在压电智能结构等力学研究中的应用 [D]},
  author={王记增},
  year={2001}
}

@article{williams1994introduction,
    title={Introduction to wavelets in engineering},
    author={Williams, John R and Amaratunga, Kevin},
    journal={International journal for numerical methods in engineering},
    volume={37},
    number={14},
    pages={2365--2388},
    year={1994},
    publisher={Wiley Online Library}
}

@book{daubechies1992ten,
    title={Ten lectures on wavelets},
    author={Daubechies, Ingrid},
    year={1992},
    publisher={SIAM}
}
